@inproceedings{wang2017balanced,
	title={Balanced distribution adaptation for transfer learning},
	author={Wang, Jindong and Chen, Yiqiang and Hao, Shuji and Feng, Wenjie and Shen, Zhiqi},
	booktitle={2017 IEEE International Conference on Data Mining (ICDM)},
	pages={1129--1134},
	year={2017},
	organization={IEEE}
}

@inproceedings{wang2019easy,
	title={Easy transfer learning by exploiting intra-domain structures},
	author={Wang, Jindong and Chen, Yiqiang and Yu, Han and Huang, Meiyu and Yang, Qiang},
	booktitle={2019 IEEE International Conference on Multimedia and Expo (ICME)},
	pages={1210--1215},
	year={2019},
	organization={IEEE}
}

